%% This BibTeX bibliography file was created using BibDesk.
%% http://bibdesk.sourceforge.net/

%% Created for Róbert Novotný at 2017-07-06 20:03:21 +0200 


%% Saved with string encoding Unicode (UTF-8) 



@inproceedings{zemanek2001,
	Address = {Lednice},
	Author = {Pavel Zem{\'a}nek},
	Booktitle = {9th International Conference: proceedings. Vol. 2. Fruit Growing and viticulture},
	Date-Added = {2017-07-06 17:51:37 +0000},
	Date-Modified = {2017-07-06 18:01:38 +0000},
	Isbn = {80-7157-524-0},
	Organization = {Mendel University of Agriculture and Forestry},
	Pages = {262--268},
	Title = {The machines for ``green works'' in vineyards and their economical evaluation},
	Volume = {2},
	Year = {2001}}

@book{soltes2013,
	Address = {Ko{\v s}ice},
	Author = {Marek {\v S}olt{\'e}s and Jozef Rado{\v n}{\'a}k},
	Date-Added = {2017-07-06 17:49:06 +0000},
	Date-Modified = {2017-07-06 17:51:06 +0000},
	Isbn = {978-80-8152-074-7},
	Publisher = {Univerzita Pavla Jozefa {\v S}af{\'a}rika v Ko{\v s}iciach},
	Title = {Z{\'a}kladn{\'e} princ{\'\i}py laparoskopickej chirurgie},
	Year = {2013}}

@book{vojcik2010,
	Address = {Ko{\v s}ice},
	Author = {Peter Voj{\v c}{\'\i}k},
	Date-Added = {2017-07-06 17:45:26 +0000},
	Date-Modified = {2017-07-06 17:48:51 +0000},
	Edition = {3. prepracovan{\'e} a doplnen{\'e} vydanie},
	Isbn = {978-80-7097-817-7},
	Publisher = {Univerzita Pavla Jozefa {\v S}af{\'a}rika v Ko{\v s}iciach},
	Title = {Ob{\v c}ianske pr{\'a}vo hmotn{\'e} II.},
	Year = {2010}}

@book{beck2007,
	Address = {Praha},
	Author = {Gloria Beck},
	Date-Added = {2017-07-06 17:23:27 +0000},
	Date-Modified = {2017-07-06 17:49:05 +0000},
	Isbn = {978-80-247-1743-2},
	Publisher = {Grada Publishing},
	Title = {Zak{\'a}zan{\'a} r{\'e}torika: 30 manipulat{\'\i}vn{\'\i}ch technik},
	Translator = {Magdal{\'e}na Pomikalov{\'a}},
	Year = {2007}}
