/Users/novotnyr/_d/LaTeX/rnthesis/dp.bib